@misc{refworks,
  title = "RefWorks at MIT",
  howpublished = "\url{http://libguides.mit.edu/content.php?pid=55469&sid=406273}",
  note = "[Online; accessed 27-July-2013]"
}

@misc{pygments,
  title = "How to install syntax highlight package minted on Windows 7?",
  howpublished = "\url{http://tex.stackexchange.com/questions/23458/how-to-install-syntax-highlight-package-minted-on-windows-7}",
  note = "[Online; accessed 27-July-2013]"
}

@misc{texlive,
  title = "{TeX Live}",
  howpublished = "\url{http://www.tug.org/texlive/}",
  note = "[Online; accessed 27-July-2013]"
}

@misc{miktex,
  title = "MiKTeX\dots\ typesetting beautiful documents\dots",
  howpublished = "\url{http://miktex.org/}",
  note = "[Online; accessed 27-July-2013]"
}

@misc{mendeley,
  title = "HOWTO: Use Mendeley to create citations using LaTeX and BibTeX",
  howpublished = "\url{http://blog.mendeley.com/tipstricks/howto-use-mendeley-to-create-citations-using-latex-and-bibtex/}",
  note = "[Online; accessed 27-July-2013]"
}

@misc{youtube,
  title = "Tutorial {B}\'asico {BibTeX}",
  howpublished = "\url{http://www.youtube.com/watch?v=nc2iqMMQk_U}",
  note = "[Online; accessed 27-July-2013]"
}

@misc{wikilibro,
  author = "Wikibooks",
  title = "LaTeX/Bibliography Management --- Wikibooks{,} The Free Textbook Project",
  howpublished = "\url{http://en.wikibooks.org/wiki/LaTeX/Bibliography_Management}",
  note = "[Online; accessed 27-July-2013]"
}

@misc{corefonts,
  author = "Wikipedia",
  title = "Core fonts for the Web --- Wikipedia{,} La enciclopedia libre",
  howpublished = "\url{http://en.wikipedia.org/wiki/Core_fonts_for_the_Web}",
  note = "[Online; accessed 27-July-2013]"
}

@misc{fuente,
  author = "GUST e-foundry",
  title = "Font Squirrel",
  howpublished = "\url{http://www.fontsquirrel.com/fonts/TeX-Gyre-Bonum}",
  note = "[Online; accessed 27-July-2013]"
}

@misc{software,
  author = "R Development Core Team",
  title = "The {R} {M}anuals",
  howpublished = "\url{http://cran.r-project.org/manuals.html}",
  note = "[Online; accessed 27-July-2013]"
}

@article{article,
  title = "Effect of immobilization on catalytic characteristics of
                  saturated Pd-N-heterocyclic carbenes in Mizoroki-Heck
                  reactions",
  author = "Aks{\i}n, {\"O}zge and T{\"u}rkmen, Hayati and Artok, Levent
                  and {\k{C}}etinkaya, Bekir and Ni, Chaoying and
                  B{\"u}y{\"u}kg{\"u}ng{\"o}r, Orhan and {\"O}zkal, Erhan",
  journal = "J.~Organomet. Chem.",
  volume = "691",
  number = "13",
  year = "2006",
  pages = "3027-3036",
  doi = "http://dx.doi.org/10.1016/j.jorganchem.2006.03.012",
}

@book{book,
  title = "De Anima",
  author = "Aristotle",
  publisher = "Cambridge University Press",
  year = "1907",
  isbn = "1139466054",
}

@inproceedings{conference,
  title = "Le \emph{De Anima} dans la tradition gr{\`e}cque",
  booktitle = "Proceedings of the Seventh Symposium Aristotelicum Aristotle on Mind and the Senses",
  author = "Moraux, Paul",
  publisher = "Cambridge University Press",
  year = "1975",
  pages = "281-324",
  doi = "http://dx.doi.org/10.1016/j.jorganchem.2006.03.012",
  location = "Cambridge",
}

@thesis{phd,
  author = "de Geer, Ingrid",
  title = "Earl, Saint, Bishop, Skald~-- and Musi",
  year = "1985",
  institution = "Uppsala Universitet",
  type = "phdthesis",
}

@thesis{master,
  author = "Loh, Nin C.",
  title = "High-Resolution Micromachined Interferometric Accelerometer",
  year = "1992",
  institution = "Massachusetts Institute of Technology",
  type = "mathesis",
}
