@article { road_safety_eu,
  author = "Road Safety in the European Union",
  title = "Trends, Statistics and Main Challenges",
  year = "Belgium, 2015",
  journal = "European Commission, Mobility and Transport DG: Brussels"
}

@article { road_safety_vademecum,
  author = "Road Safety Vademecum",
  title = "Road Safety Trends, Statistics and Challenges in the EU 2010–2013",
  year = "Brussels, Belgium, 2014",
  journal = "European Commission"
}

@article { c2c_consortium,
  author = "CAR 2 CAR Communications Consortium",
  title = "Roadmap between Automotive Industry and Infrastructure Organizations
  on Initial Deployment of Cooperative ITS in Europe",
  year = "Braunschweig, Germany, 2012",
  journal = "CAR 2 CAR Communications Consortium"
}

@article { amsterdam_group,
  author = "Amsterdam Group",
  title = "Cooperative ITS Corridor Joint Deployment",
  year = "Amsterdam, The Netherlands, 2013",
  journal = "Amsterdam Group"
}

@article { etsi_2009,
  author = "ETSI (2009-06)",
  title = "Intelligent Transport Systems (ITS) and Vehicular communications and
  Basic set of applications and Definitions",
  year = "Sophia Antipolis Cedex, France, 2009",
  journal = "European Telecommunications Standards Institute",
  doi = "ETSI TR 102 638 V1.1.1"
}

@article { uru_classif,
  author = "T. Takahashi and K.K. Hyung and S. Kamijo",
  title = "Urban road user classification framework using local feature
  descriptors and HMM",
  year = "Las Palmas de Gran Canaria, Spain, 16–19 September 2012",
  journal = "In Proceedings of the 15th International IEEE Conference on
  Intelligent Transportation Systems (ITSC)",
  pages = "67–72"
}

@article { vru_recognizion,
  author = "B. Fardi and U. Neubert and N. Giesecke and H. Lietz and
  G. Wanielik",
  title = "A fusion concept of video and communication data for VRU
  recognition",
  year = "Cologne, Germany, 30 June–3 July 2008",
  journal = "In Proceedings of the 11th International Conference on Information
  Fusion",
  pages = "1-8"
}

@article { pedestrian_classif,
  author = "S. Heuel and H. Rohling",
  title = "Pedestrian classification in automotive radar systems",
  year = "Warsaw, Poland, 23–25 May 2012",
  journal = "In Proceedings of the 13th International Radar Symposium (IRS)",
  pages = "39–44"
}

@article { coop_transp_sys,
  author = "B. Schaffer and G. Kalverkamp and E. Biebl",
  title = "A 5.8 GHz Cooperative Transponder System for Localization and
  Communication in Traffic Safety Applications",
  year = "Las Vegas, NV, USA, 2–5 September 2013",
  journal = "In Proceedings of the 78th Vehicular Technology Conference
  (VTC Fall)",
  pages = "1–5"
}

@article { v2p_comm,
  author = "J.J. Anaya and P. Merdrignac and O. Shagdar and F. Nashashibi,
  J.E. Naranjo",
  title = "Vehicle to pedestrian communications for protection of vulnerable
  road users",
  year = "Dearborn, MI, USA, 8–11 June 2014",
  journal = "In Proceedings of the IEEE Intelligent Vehicles Symposium",
  pages = "1037–1042"
}

@article { wifi_honk,
  author = "K. Dhondge and S. Song and B. Choi and H. Park",
  title = "WiFiHonk: Smartphone-Based Beacon Stuffed WiFi Car2X-Communication
  System for Vulnerable Road User Safety",
  year = "Seoul, Korea, 18–21 May 2014",
  journal = "In Proceedings of the IEEE 79th Vehicular Technology Conference
  (VTC Spring)",
  pages = "1-5"
}

@article { safety_apps,
  author = "M. Dozza and M. Idegren and T. Andersson and A. Fernandez",
  title = "Platform enabling intelligent safety applications for vulnerable
  road users",
  year = "August, 2014",
  journal = "Intell. Transp. Syst.",
  pages = "368–376"
}

@article { lte_802.11p,
  author = "H.M. Zeeshan and F. Fethi",
  title = "LTE and IEEE 802.11p for vehicular networking: A performance
  evaluation",
  year = "2014",
  journal = "EURASIP J. Wirel. Commun. Netw.",
  doi = "10.1186/1687-1499-2014-89"
}

@misc { linkbird,
  title = "NEC Car to Car Communication System Takes Pole Position with
  Industry Leaders",
  howpublished = "\url{http://www.nec.co.jp/press/en/0811/1301.html}",
  note = "[Online; accedido en 12 de mayo, 2016]"
}

@misc { gcm,
  title = "Cloud Messaging",
  howpublished = "\url{https://developers.google.com/cloud-messaging/}",
  note = "[Online; accedido en 12 de mayo, 2016]"
}

@article { ns-3_simulator,
  author = "T.R. Henderson and M. Lacage and G.F. Riley and C. Dowell and
  J.B. Kopena",
  title = "Network simulations with the ns-3 simulator",
  year = "Seattle, WA, USA, 17–22 August 2008",
  journal = "In Proceedings of the SIGCOMM Demonstration"
}

@article { sumo_simulator,
  author = "M. Behrisch and L. Bieker and J. Erdmann and D. Krajzewicz",
  title = "Sumo-simulation of urban mobility-an overview. In Proceedings of the
  Third International Conference on Advances in System Simulation",
  year = "Barcelona, Spain, 23–29 October 2011",
  journal = "55–60"
}

@article { valert,
  author = "Unai Hernandez-Jayo and Idoia De-la-Iglesia and Jagoba Perez",
  title = "V-Alert: Description and Validation of a Vulnerable Road User Alert
  System in the Framework of a Smart City",
  year = "2015",
  journal = "Sensors, 15(8), 18480-18505",
  doi = "10.3390/s150818480"
}

@article { poster_wearable,
  author = "U. Hernandez-Jayo and J. Perez and I. de-la-Iglesia",
  title = "Poster: Wearable warning system for improving cyclists safety in
  the scope of Cooperative systems",
  year = "2015, Kyoto, Japan",
  journal = "IEEE Vehicular Networking Conference (VNC)",
  doi = "10.1109/VNC.2015.7385563",
  pages = "153-154"
}

@article { coop_vru,
  author = "I. de-la-Iglesia and U. Hernandez-Jayo and J. Perez",
  title = "CS4VRU: A Centralized Cooperative Safety System for Vulnerable Road
  Users Using Heterogeneous Networks",
  year = "Boston, MA, 2015",
  journal = "Vehicular Technology Conference (VTC Fall), IEEE 82nd",
  doi = "10.1109/VTCFall.2015.7390882",
  pages = "1-5"
}

@article { cs4vru,
  author = "U. Hernandez-Jayo and J. Perez and I. de-la-Iglesia and
  R. Carballedo",
  title = "CS4VRU: Remote monitoring and warning system for Vulnerable Road",
  year = "Madrid, Spain, 2016",
  journal = "13th International Conference on Remote Engineering and Virtual
  Instrumentation (REV)",
  doi = "10.1109 / REV.2016.7444456",
  pages = "153-158"
}
