@ARTICLE{1,
	author = {Unai Hernández-Jayo; Idoia De-la-Iglesia; Jagoba Pérez},
	title = {V-Alert: Description and Validation of a Vulnerable Road User Alert System in the Framework of a Smart City},
	journal = {MDPI},
	year = {2015},
	volume = {15},
	pages = {1-26}	
}

@ARTICLE{2,
	author = {European Commission, Mobility and Transport DG},
	title = {Trends, Statistics and Main Challenges},
	year = {2015},
	address = {Brussels, Belgium}	
}

@ARTICLE{3,
	author = {European Commission},
	title = {Road Safety Trends, Statistics and Challenges in the EU 2010–2013},
	year = {2014},
	address = {Brussels, Belgium}	
}

@ARTICLE{4,
	author = {CAR 2 CAR Communications Consortium},
	title = {Roadmap between Automotive Industry and Infrastructure Organizations on Initial Deployment of Cooperative ITS in Europe},
	year = {2012},
	address = {Braunschweig, Germany}	
}

@ARTICLE{5,
	author = {Amsterdam Group},
	title = {Cooperative ITS Corridor Joint Deployment},
	year = {2013},
	address = {Amsterdam, The Netherlands}	
}

@ARTICLE{6,
	author = {ETSI TR 102 638},
	title = {Intelligent Transport Systems (ITS) and Vehicular communications and Basic set of applications and Definitions},
	year = {2009},
	address = {European Telecommunications Standards Institute: Sophia Antipolis Cedex, France, 2009.}	
}

@ARTICLE{7,
	author = {Idoia De-la-Iglesia},
	title = {V-Alert: Description and Validation of a Vulnerable Road User Alert System in the Framework of a Smart City},
	journal = {Universidad de Deusto},
	year = {2013},
}